2199 3774
0 0 5 115 l
335 74 393 148 L
419 102 441 146 1
470 97 528 144 Β.
574 69 724 141 XII.
821 73 879 136 C
903 93 954 139 A
981 88 1040 142 Ρ.
1088 71 1268 161 XVI.
1789 97 1911 168 127

1 193 268 275 magnitudo
292 197 446 250 animi
467 193 583 257 fuit,
605 205 660 245 ut
685 190 806 244 cum
835 192 1107 247 Herculem
1128 194 1314 257 filium,
1342 190 1462 246 cum
1490 192 1695 245 fratrem

17 295 165 338 aeum,
190 271 305 324 curn
333 271 591 322 Roxanem
611 284 814 318 uxorem
835 279 1172 335 praegnantem
1191 269 1488 335 relinqueret
1512 288 1527 326 3
1558 267 1687 317 obli-

17 342 411 404 1eceffitudinum,
449 341 784 408 dignissimum
809 350 1110 407 nuncuparet
1143 341 1406 391 haeredem.
1484 337 1687 390 Prorsus

4 421 32 473 i
57 418 186 472 nefas
222 414 354 477 esset,
393 413 499 465 viro
543 412 655 462 forti
683 413 833 464 alium
884 412 1032 482 quam
1058 414 1223 464 virum
1250 413 1428 464 fortem
1472 412 1693 462 succede-

19 503 89 543 aut
114 490 237 540 tanti
279 486 413 556 regni
437 503 548 559 opes
567 485 689 546 aliis,
729 484 882 554 quam
907 485 1117 552 probatis
1149 485 1377 554 relinqui.
1439 485 1551 537 Hac
1572 500 1693 537 voce

21 567 42 615 :i
90 561 318 614 bellicum
367 559 491 609 inter
538 558 721 608 amicos
756 556 1022 621 cecinisset,
1081 569 1162 608 aut
1208 560 1396 610 malum
1445 557 1696 608 discordiae

21 635 112 698 sset,
152 633 218 683 ita
255 636 429 682 om‘nes
472 631 523 680 in
549 629 902 681 emulationem
947 628 1293 697 consurgunt,
1324 632 1373 683 δι
1424 628 1697 680 ambitione

23 705 264 759 itacitum
310 703 530 755 favorem
569 703 789 753 militum
829 713 1076 771 quaerunt.
1156 701 1304 755 Sexto
1349 702 1424 753 die
1461 700 1696 769 praeclusa

1 819 38 844 ,
72 787 357 845 exemptum
400 777 553 843 digito
601 775 846 826 annulum
884 775 1130 828 Perdiccae
1173 776 1410 827 tradidit:
1475 794 1584 844 quae
1623 792 1696 825 res

22 861 173 903 entem
198 850 475 901 amicorum
510 847 850 899 dissentionem
870 845 1062 901 sedavit.
1137 848 1280 900 Nam
1299 846 1385 900 etsi
1425 861 1529 900 non
1569 855 1716 899 voce'

24 936 207 992 :upatus
228 924 398 984 haeres,
432 921 623 990 judicio
649 933 816 971 tamen
841 920 1015 971 elecff'cus
1032 920 1124 972 esse
1147 921 1415 974 videbatur.

4 995 134 1051 <AR
157 993 308 1049 XVI.
348 1003 362 1026 ¹
386 993 598 1046 Deceffit
618 993 920 1056 Alexander,
949 993 1167 1045 mensem
1184 1013 1364 1057 unum,
1385 1011 1536 1045 annos
1554 1003 1574 1027 ’Ζ
1601 1003 1694 1044 tres

29 1071 184 1138 iginta
207 1077 343 1118 natus
364 1088 381 1128 ;
439 1067 514 1116 vir
543 1068 679 1134 supra
730 1067 1001 1117 humanam
1046 1068 1316 1134 potentiam
1360 1067 1699 1135 magnitudine

30 1144 58 1194 ιὶ
79 1141 318 1211 praeditus,
351 1139 468 1208 Qua
488 1139 628 1190 noc-Pte
646 1156 759 1189 eum
789 1152 942 1190 mater
955 1138 1225 1210 Olympias
1243 1141 1487 1207 concepit,
1501 1139 1602 1191 visa
1622 1158 1704 1207 per

30 1234 118 1268 :em
132 1214 197 1266 est
216 1230 336 1266 cum
358 1213 540 1281 ingenti
561 1212 770 1278 serpente
791 1213 1030 1265 volutari:
1068 1230 1158 1264 nec
1184 1213 1381 1281 decepta
1397 1213 1589 1264 somnio
1613 1212 1696 1266 est.
1725 1220 1728 1223 “

33 1307 54 1339 1
78 1287 289 1356 profeE’to
327 1289 481 1355 majus
505 1286 720 1335 humana
738 1287 1036 1337 mortalitate
1058 1303 1176 1352 opus
1213 1298 1349 1338 utero
1382 1287 1519 1347 tulit,
1559 1304 1709 1354 quam

55 1360 369 1412 AEacidarum
395 1376 508 1427 gens
548 1357 609 1411 ab
648 1358 827 1408 ultima
866 1358 1153 1410 saeeulorum
1184 1360 1441 1421 memoria,
1488 1359 1542 1413 ὃς
1566 1374 1736 1426 regna·

34 1436 79 1495 is,
121 1433 297 1495 fratris,
339 1431 524 1492 mariti,
563 1448 620 1480 ac
642 1430 864 1498 deinceps
910 1432 1152 1501 majorum
1192 1433 1420 1483 omnium
1450 1430 1715 1483 illustrave-

11 1501 13 1503 ’
42 1527 58 1567 3
87 1505 255 1556 nullius
275 1516 442 1555 tamen
465 1504 683 1567 nomine,
707 1523 858 1572 quam
874 1503 964 1555 filii
983 1504 1156 1555 clarior
1181 1506 1286 1558 suit.
1328 1504 1551 1574 Prodigia
1576 1512 1717 1572 mag-

36 1577 150 1628 :linis
173 1577 269 1648 ejus
297 1578 347 1626 in
374 1576 468 1642 ipso
494 1591 607 1626 ortu
634 1576 873 1626 nonnulla
897 1576 1177 1644 apparuere.
1256 1577 1398 1628 Nam
1433 1580 1488 1627 ea
1517 1577 1592 1626 die
1619 1578 1721 1645 qua

13 1646 15 1649 ’
37 1669 66 1701 ιε
83 1649 168 1713 est,
206 1651 314 1701 duae
334 1649 507 1717 aquilae
527 1649 627 1698 tota
647 1650 723 1698 die
751 1660 980 1716 praepetes
997 1649 1138 1715 supra
1161 1649 1355 1700 culmen
1374 1650 1549 1700 domus
1570 1651 1720 1716 patris

57 1720 300 1784 sederunt,
338 1740 487 1773 omen
526 1722 728 1788 duplicis
770 1723 982 1787 imperii,
1038 1721 1248 1790 Europae
1290 1721 1519 1791 Asiaeque
1546 1722 1722 1788 praefe-

9 1831 17 1862 5
36 1813 100 1846 es.
167 1794 362 1846 Eadem
391 1812 577 1863 quoque
615 1795 690 1843 die
716 1795 946 1845 nuntium
973 1805 1109 1862 pater
1133 1795 1229 1864 ejus
1262 1794 1468 1846 duarum
1494 1794 1723 1845 vi6'c0ria-

13 1900 17 1910 -
75 1869 258 1935 accepit
281 1890 297 1930 3
332 1868 524 1919 alterius
545 1875 558 1904 3
581 1867 694 1917 belli
720 1867 943 1938 lllyrici3
987 1868 1196 1932 alterius,
1223 1869 1503 1918 certaminis
1531 1867 1724 1937 Olym-

10 1944 50 1999 '',
86 1936 138 1992 in
185 1941 310 2010 quod
357 1940 701 2009 quadrigarum
736 1958 899 1990 currus
938 1940 1162 1991 miserat:
1230 1942 1356 2008 quod
1413 1958 1564 1991 omen
1615 1941 1726 1989 uni-

16 2010 170 2064 arum
207 2028 446 2063 terrarum
475 2013 738 2067 vietoriam
761 2013 934 2064 infanti
967 2012 1300 2079 portendebat.
1382 2012 1507 2063 Puer
1549 2013 1729 2063 acerri-

9 2060 23 2162 ξ
51 2084 295 2137 literarum
327 2084 488 2136 studiis
505 2086 714 2135 eruditus
734 2086 840 2138 suit.
920 2085 1112 2136 Exadffi
1132 2085 1331 2152 pueritia
1357 2103 1439 2151 per
1458 2086 1730 2154 quinquen-

14 2172 95 2220 n,
119 2158 251 2208 4sub.
266 2156 522 2208 Aristotele
566 2158 780 2218 defflore,
825 2158 1012 2227 inclyto
1055 2159 1281 2209 omniurn
1309 2157 1724 2224 philosophorum,

12 2206 115 2282 ¹Jit.
146 2231 364 2295 Accepto
388 2230 556 2283 deinde
582 2230 807 2296 imperio,
833 2231 1021 2296 Regem
1051 2230 1093 2280 se
1122 2230 1402 2281 Terrarum
1428 2231 1655 2280 omnium
1670 2247 1731 2285 ac
1774 2264 1776 2266 -

2 2301 123 2351 ndi
151 2302 368 2368 appellari
386 2304 514 2369 juffit
539 2321 549 2353 :
583 2304 866 2372 tantamque
891 2302 1124 2354 fiduciam
1152 2301 1241 2353 suis
1260 2303 1493 2355 militibus
1522 2303 1657 2364 fecit,
1677 2313 1734 2356 ut

51 2374 278 2441 praesente
296 2374 466 2425 nullius
494 2374 636 2425 hostis
662 2393 818 2438 arma,
859 2394 948 2427 nec
975 2376 1201 2438 inermes,
1244 2377 1518 2427 timuerint.
1563 2375 1735 2443 Itaque
1798 2382 1802 2384 ’

43 2465 62 2496 1
90 2447 221 2497 nullo
261 2446 468 2497 hostiurn
515 2465 730 2515 unquam
767 2447 1038 2515 congreffus
1075 2448 1162 2510 est,
1226 2466 1370 2516 quem
1394 2466 1495 2498 non
1519 2449 1686 2499 vicerit
1718 2466 1734 2498 ι

47 2536 126 2569 am
149 2518 318 2569 urbem
336 2519 537 2580 obsedit,
577 2538 724 2588 quam
752 2539 851 2572 non
879 2519 1258 2588 expugnaverit:
1321 2520 1506 2570 nullam
1534 2519 1733 2588 gentem

1717 979 1917 1027 Alexandri

1719 1036 1877 1090 elogium.

16 2496 29 2584 '‘na-a
21 2429 27 2463 -*.

23 2604 81 2661 st,
120 2607 263 2659 quarn
286 2599 384 2640 non
410 2593 686 2643 calcaverit.
768 2593 942 2644 Vi&us
971 2593 1173 2660 denique
1200 2593 1257 2642 ad
1300 2591 1601 2658 postremum
1644 2591 1734 2654 est,
1797 2648 1801 2649 ⁷

74 2663 246 2714 virtute
269 2662 448 2728 hostili,
485 2664 560 2714 sed
588 2664 769 2716 insidiis
795 2666 1007 2729 suorum,
1048 2666 1096 2718 &
1126 2665 1291 2717 fraude
1311 2664 1460 2715 civili.
1721 2665 1725 2667 “

663 2825 1018 2880 NOTAE.

6 2930 30 2999 Ὶι
74 2944 248 3000 Deceffit.]
276 2946 471 2985 Alexander
480 2946 554 2995 jam
571 2946 677 2985 morti
702 2946 820 2995 proxi-
858 2956 1017 2987 mortuus
1034 2945 1115 2986 vero
1133 2947 1197 2995 es'c,
1225 2959 1267 2984 ex
1293 2944 1445 2985 Arrian.
1475 2942 1585 2985 Diod.
1620 2941 1744 2998 Euseb.

4 2999 36 3031 '⁴³
75 3003 116 3038 ad
133 3001 347 3050 Euphratem
368 3001 493 3039 deferri
517 3001 656 3052 voluit3
685 3014 728 3037 eo
743 3001 821 3038 ani-
859 3002 1003 3054 Jffph.
1047 3011 1193 3052 praetore
1227 2998 1371 3049 Agefia,
1416 3001 1563 3038 ineunte
1584 2999 1742 3049 'Olymp-

21 3081 27 3090 .-
64 3063 103 3092 ut
123 3055 309 3093 influmen
324 3055 510 3103 demersus,
544 3057 656 3103 ficque
675 3054 825 3092 sublatus
867 3068 955 3105 114.
1013 3058 1109 3095 Cum
1143 3069 1224 3104 ergo
1252 3056 1333 3093 06ὶο
1352 3054 1493 3093 tantum
1521 3052 1749 3101 Olympiadas

8 3103 199 3146 'ominum
226 3108 350 3157 oculis,
376 3109 559 3146 certiorem
588 3110 677 3157 apud
709 3110 823 3157 poste·
860 3110 1009 3149 vivendo
1051 3109 1256 3160 expleverit,
1313 3119 1363 3159 32
1407 3121 1478 3150 non
1533 3118 1581 3157 33
1640 3115 1748 3144 εἴωθε

11 3159 146 3199 .·fidem
171 3161 314 3209 faceret,
341 3162 375 3199 se
401 3172 520 3200 ortum
545 3162 565 3200 ὲ
594 3176 717 3211 genere
738 3164 822 3199 deo·
861 3163 962 3202 vixit.

4 3257 17 3270 .
48 3239 60 3256 „
83 3215 124 3251 ad
147 3216 226 3253 deos
253 3215 417 3266 rediisse;
444 3217 535 3264 quod
565 3230 647 3253 cum
680 3217 826 3253 Roxane
919 3230 953 3267 3.
991 3214 1083 3253 Belli
1100 3213 1262 3268 Ilgyrici]
1293 3214 1430 3265 Illyrios
1444 3213 1575 3252 vicerat
1596 3212 1746 3257 Parme-

16 3277 33 3293 ²⁹
52 3264 154 3315 tdh'et,
195 3268 272 3316 ille,
300 3269 411 3307 effusis
441 3269 616 3318 lacrymis,
645 3269 747 3320 Qid
773 3280 825 3316 tu,
864 3269 937 3308 nio.

29 3325 89 3366 xtt,
107 3327 218 3370 partae
231 3321 432 3360 divinitatis
448 3322 593 3373 gloriam
609 3321 744 3358 invia-'m
760 3323 782 3361 ‚P
917 3335 956 3372 4.
988 3321 1059 3359 Sub
1090 3319 1300 3372 Aristotele]
1346 3318 1554 3360 Plutarchus
1587 3316 1745 3356 Alexan.-

5 3380 42 3414 222'
83 3371 159 3410 ‘Tres
188 3375 233 3415 ἔθ’
259 3373 438 3426 viginta]
469 3376 613 3414 Fallitur
638 3376 825 3427 Justinus3
865 3377 917 3413 dri
952 3385 1175 3425 praeceptores
1213 3383 1314 3413 vocat
1358 3372 1550 3413 Leonidam
1581 3376 1617 3410 δε
1649 3370 1746 3421 Lyfi-

15 3474 23 3484 .
62 3425 155 3466 enim
169 3437 294 3471 natum
311 3430 377 3473 effe
407 3429 549 3472 ineunte
568 3429 713 3479 Olymp.
736 3431 824 3473 196.
866 3430 1036 3479 maehum
1053 3433 1294 3470 Acarnanum.
1384 3480 1433 3534 L
1472 3477 1498 3528 I
1538 3477 1581 3531 B
1620 3476 1663 3529 E
1702 3477 1753 3528 R
